<?xml version="1.0" encoding="UTF-8"?><record xmlns="http://www.loc.gov/MARC21/slim" xmlns:cinclude="http://apache.org/cocoon/include/1.0" xmlns:zs="http://www.loc.gov/zing/srw/">
  <leader>00398cz  a2200121n  4500</leader>
  <controlfield tag="001">n  88681991 </controlfield>
  <controlfield tag="003">DLC</controlfield>
  <controlfield tag="005">19890110143745.5</controlfield>
  <controlfield tag="008">881227n| acannaab|          |n aad |||  </controlfield>
  <datafield tag="010" ind1=" " ind2=" ">
    <subfield code="a">n  88681991 </subfield>
  </datafield>
  <datafield tag="040" ind1=" " ind2=" ">
    <subfield code="a">DLC</subfield>
    <subfield code="c">DLC</subfield>
    <subfield code="d">DLC</subfield>
  </datafield>
  <datafield tag="100" ind1="1" ind2="0">
    <subfield code="a">Santodonato, Joseph</subfield>
  </datafield>
  <datafield tag="670" ind1=" " ind2=" ">
    <subfield code="a">nuc88-139152: Health assessment document for polycyclic ... [MI] 1979</subfield>
    <subfield code="b">(hdg. on CU rept.: Santodonato, Joseph; usage: Joseph Santodonato)</subfield>
  </datafield>
</record>